<?xml version="1.0" encoding="UTF-8"?><record xmlns="http://www.loc.gov/MARC21/slim" xmlns:cinclude="http://apache.org/cocoon/include/1.0" xmlns:zs="http://www.loc.gov/zing/srw/">
  <leader>00815cz  a2200169n  4500</leader>
  <controlfield tag="001">n 2010056813</controlfield>
  <controlfield tag="003">DLC</controlfield>
  <controlfield tag="005">20120818075938.0</controlfield>
  <controlfield tag="008">100830n| acannaabn          |b ana      </controlfield>
  <datafield tag="010" ind1=" " ind2=" ">
    <subfield code="a">n 2010056813</subfield>
  </datafield>
  <datafield tag="040" ind1=" " ind2=" ">
    <subfield code="a">DLC</subfield>
    <subfield code="b">eng</subfield>
    <subfield code="c">DLC</subfield>
    <subfield code="d">DLC</subfield>
  </datafield>
  <datafield tag="111" ind1="2" ind2=" ">
    <subfield code="a">Conference "Living Doll"</subfield>
    <subfield code="d">(2002 :</subfield>
    <subfield code="c">Moscow, Russia)</subfield>
  </datafield>
  <datafield tag="411" ind1="2" ind2=" ">
    <subfield code="a">Konferent︠s︡ii︠a︡ "Zhivai︠a︡ kukla"</subfield>
  </datafield>
  <datafield tag="411" ind1="2" ind2=" ">
    <subfield code="a">Конференция "Живая кукла"</subfield>
  </datafield>
  <datafield tag="667" ind1=" " ind2=" ">
    <subfield code="a">THIS 1XX FIELD CANNOT BE USED UNDER RDA UNTIL THIS RECORD HAS BEEN REVIEWED AND/OR UPDATED</subfield>
  </datafield>
  <datafield tag="667" ind1=" " ind2=" ">
    <subfield code="a">Non-Latin script referenc not evaluated</subfield>
  </datafield>
  <datafield tag="670" ind1=" " ind2=" ">
    <subfield code="a">Zhivai︠a︡ kukla, 2009:</subfield>
    <subfield code="b">p. [269] (конференции "Живая кукла", ноябрь 2002 года = konferent︠s︡ii "Zhivai︠a︡ kukla", noi︠a︡brʹ 2002) p. [267] ("Living Doll" Conference, November 2002)</subfield>
  </datafield>
</record>